@book{fp-in-scala,
  title={Functional Programming in Scala},
  author={Chiusano, Paul and Bjarnason, RÃºnar},
  year={2015},
  publisher={Manning Publications},
  isbn={9781617290657}
}
@book{programming-in-scala,
  title={Programming in Scala Third Edition},
  author={Odersky, Martin and Spoon, Lex and Venners, Bill},
  year={2016},
  publisher={Artima},
  isbn={9781492077893}
}
@book{theories-of-pl,
  title={Theories of Programming Languages},
  author={Reynolds, John C},
  year={1998},
  publisher={Cambridge University Press},
  isbn={9780521106979}
}
